<?xml version="1.0" encoding="UTF-8"?><collection xmlns="http://www.loc.gov/MARC21/slim"><record><leader>00533nam--2200193-i-4500</leader><controlfield tag="001">000009577</controlfield><controlfield tag="002">20161230</controlfield><controlfield tag="005">20161230201028</controlfield><controlfield tag="008">060222s1000------------r-----000-0-eng-d</controlfield><datafield ind1=" " ind2=" " tag="040"><subfield code="a">IFIN-HH</subfield></datafield><datafield ind1=" " ind2=" " tag="080"><subfield code="a">539.124.172</subfield></datafield><datafield ind1="1" ind2=" " tag="100"><subfield code="a">Andrews, K.W</subfield></datafield><datafield ind1=" " ind2=" " tag="245"><subfield code="a">Interpretation of electron diffraction patterns</subfield><subfield code="c">K.w. andrews, d.j. dyson, s.r. keown</subfield></datafield><datafield ind1=" " ind2=" " tag="250"><subfield code="a">Second Edition</subfield></datafield><datafield ind1=" " ind2=" " tag="260"><subfield code="a">London</subfield><subfield code="b">Adam Hilger Ltd</subfield><subfield code="c">1971</subfield></datafield><datafield ind1=" " ind2=" " tag="300"><subfield code="a">XVI+239P</subfield></datafield><datafield ind1="1" ind2=" " tag="700"><subfield code="a">Keown, S.R</subfield></datafield><datafield ind1=" " ind2=" " tag="852"><subfield code="a">33389</subfield><subfield code="c">537.533.35</subfield></datafield><datafield ind1=" " ind2=" " tag="CAT"><subfield code="a">Sys</subfield><subfield code="c">20110905</subfield><subfield code="h">135048</subfield></datafield></record></collection>